@misc{menon1894report,
  title={Report of the Malabar Marriage Commission},
  author={Menon, KR Krishna},
  year={1894},
  publisher={Madras}
}

@article{hunter1886imperial,
  title={The Imperial Gazetteer Of India Vol-x Multan To Palhalli},
  author={Hunter, William Wilson},
  year={1886},
  publisher={Trubner And Co London}
}

@misc{logan1887malabar,
  title={Malabar Manual, Volumes I and II},
  author={Logan, William},
  year={1887},
  publisher={Madras: Government Press}
}

@book{aiya1906travancore,
  title={The Travancore state manual},
  author={Aiya, V Nagam},
  volume={2},
  year={1906},
  publisher={Travancore Government Press}
}

@article{panikkar1918some,
  title={Some Aspects of Nayar Life.},
  author={Panikkar, Kavalam M},
  journal={The Journal of the Royal Anthropological Institute of Great Britain and Ireland},
  volume={48},
  pages={254--293},
  year={1918},
  publisher={JSTOR}
}


@article{jeffrey1987governments,
  title={Governments and culture: How women made Kerala literate},
  author={Jeffrey, Robin},
  journal={Pacific Affairs},
  pages={447--472},
  year={1987},
  publisher={JSTOR}
}


@phdthesis{jeffrey1973decline,
  title={The Decline of Nayer Dominance: Society and Politics in Trauancore, 1847-1908.},
  author={Jeffrey, Robin},
  year={1973},
  school={University of Sussex}
}

