@book{kimura2006state,
  title={The State in India: past and present},
  author={Kimura, Masaaki and Tanabe, Akio},
  year={2006},
  publisher={Oxford University Press, USA}
}

@book{sharma1996state,
  title={The State and Varna Formation in the Mid-Ganga Plains: An Ethnoarchaeological View},
  author={Sharma, Ram Sharan},
  year={1996},
  publisher={Manohar Publishers}
}

@book{thapar1984lineage,
  title={From lineage to state: Social formations in the mid-first millennium BC in the Ganga Valley},
  author={Thapar, Romila},
  year={1984},
  publisher={Oxford University Press Bombay}
}

@misc{spellman1968history,
  title={A History of India. Volume one},
  author={Spellman, John W and Thapar, Romila},
  year={1968},
  publisher={JSTOR}
}


