@book{kumar2005politics,
  title={Politics of education in colonial India},
  author={Kumar, Krishna},
  year={2005},
  publisher={Routledge}
}

