@book{orwellhanging,
  title={A hanging},
  author={Orwell, George},
  year={1931}
}

@book{orwellshooting,
  title={Shooting an elephant},
  author={Orwell, George},
}

@book{india1913history,
  title={History of Police Organization in India and Indian Village Police: Being Select Chapters of the Report of the Indian Police Commission, 1902-1903},
  author={India. Police Commission and India. Home Dept},
  year={1913},
  publisher={University of Calcutta}
}

@book{kumar2005politics,
  title={Politics of education in colonial India},
  author={Kumar, Krishna},
  year={2005},
  publisher={Routledge}
}


